<record><leader>00000cas a2200000 a 4500</leader><controlfield tag="001">20226134</controlfield><controlfield tag="008">890821d198u1988maumr ne      0    0eng c</controlfield><datafield ind1=" " ind2=" " tag="010"><subfield code="a">sn 90018156 </subfield></datafield><datafield ind1=" " ind2=" " tag="040"><subfield code="a">WIH</subfield><subfield code="b">eng</subfield><subfield code="c">WIH</subfield><subfield code="d">ELM</subfield><subfield code="d">HUL</subfield><subfield code="d">NSD</subfield><subfield code="d">CNW</subfield><subfield code="d">OCLCQ</subfield><subfield code="d">OCLCO</subfield><subfield code="d">OCLCF</subfield><subfield code="d">OCL</subfield></datafield><datafield ind1=" " ind2=" " tag="012"><subfield code="i">9008</subfield></datafield><datafield ind1=" " ind2=" " tag="042"><subfield code="a">pcc</subfield></datafield><datafield ind1=" " ind2=" " tag="043"><subfield code="a">nc-----</subfield></datafield><datafield ind1=" " ind2=" " tag="090"><subfield code="a">F1421</subfield><subfield code="b">.C46</subfield></datafield><datafield ind1="0" ind2=" " tag="130"><subfield code="a">Central America report (Cambridge, Mass.)</subfield></datafield><datafield ind1="1" ind2="0" tag="245"><subfield code="a">Central America report.</subfield></datafield><datafield ind1=" " ind2=" " tag="260"><subfield code="a">Cambridge, MA :</subfield><subfield code="b">Central America Education Fund,</subfield><subfield code="c">-[1988]</subfield></datafield><datafield ind1=" " ind2=" " tag="300"><subfield code="a">v. ;</subfield><subfield code="c">28 cm.</subfield></datafield><datafield ind1=" " ind2=" " tag="310"><subfield code="a">Monthly</subfield></datafield><datafield ind1="0" ind2=" " tag="362"><subfield code="a">-June/July 1988.</subfield></datafield><datafield ind1=" " ind2=" " tag="588"><subfield code="a">Description based on: May 1983; title from caption.</subfield></datafield><datafield ind1=" " ind2="0" tag="651"><subfield code="a">Central America</subfield><subfield code="x">Politics and government</subfield><subfield code="y">1979-</subfield><subfield code="v">Newspapers.</subfield></datafield><datafield ind1=" " ind2="7" tag="650"><subfield code="a">Politics and government</subfield><subfield code="2">fast</subfield><subfield code="0">(OCoLC)fst01919741</subfield></datafield><datafield ind1=" " ind2="7" tag="651"><subfield code="a">Central America.</subfield><subfield code="2">fast</subfield><subfield code="0">(OCoLC)fst01244535</subfield></datafield><datafield ind1=" " ind2="7" tag="648"><subfield code="a">Since 1979</subfield><subfield code="2">fast</subfield></datafield><datafield ind1=" " ind2="7" tag="655"><subfield code="a">Newspapers.</subfield><subfield code="2">fast</subfield><subfield code="0">(OCoLC)fst01423814</subfield></datafield><datafield ind1="2" ind2=" " tag="710"><subfield code="a">Central America Education Fund (Cambridge, Mass.)</subfield></datafield><datafield ind1=" " ind2=" " tag="752"><subfield code="a">United States</subfield><subfield code="b">Massachusetts</subfield><subfield code="c">Suffolk</subfield><subfield code="d">Cambridge.</subfield></datafield><datafield ind1="0" ind2="0" tag="785"><subfield code="t">Central America reporter</subfield><subfield code="w">(DLC)sn 90018157</subfield><subfield code="w">(OCoLC)20683898</subfield></datafield><datafield ind1=" " ind2=" " tag="850"><subfield code="a">MiU</subfield></datafield><datafield ind1="1" ind2=" " tag="029"><subfield code="a">AU@</subfield><subfield code="b">000020601570</subfield></datafield></record>